%% This BibTeX bibliography file was created using BibDesk.
%% http://bibdesk.sourceforge.net/


%% Created for Bj√∂rn Brandenburg at 2015-08-05 18:06:11 +0200 


%% Saved with string encoding Unicode (UTF-8) 



@article{bbb-2014b,
	author = {Brandenburg, B.B.},
	title = {Blocking Optimality in Distributed Real-Time Locking Protocols},
	journal = {Leibniz Transactions on Embedded Systems},
	volume = {1},
	number = {2},
	year = {2014}
}

@article{bbb-2013c,
	Author = {Brandenburg, B.B. and Anderson, J.H.},
	Doi = {10.1109/RTSS.2013.13},
	Issn = {1052-8725},
	Journal = {Design Automation for Embedded Systems},
	Keywords = {integer programming;linear programming;multiprocessing systems;AUTOSAR;FIFO blocking analysis;FIFO-ordered spin locks;FIFO-ordered tie-breaking;embedded multiprocessor realtime systems;first-in first-out;mixed-integer linear programming;nonpreempt able spinning;preempt able spinning;preemption models;priority-ordered spin locks;queue orders;spin locks;unordered spin locks;unordered tie-breaking;worst-case blocking;Algorithm design and analysis;Delays;Processor scheduling;Program processors;Protocols;Real-time systems;Spinning;AUTOSAR;integer linear programming;multiprocessor real-time systems;spin locks;worst-case blocking},
	Number = {2},
	Pages = {277-342},
	Title = {The {OMLP} family of optimal multiprocessor real-time locking protocols},
	Volume = {17},
	Year = {2013},
	Bdsk-Url-1 = {http://dx.doi.org/10.1109/RTSS.2013.13}}

@article{davis-2011,
	Author = {Davis, R.I. and Burns, A.},
	Doi = {10.1109/RTSS.2013.13},
	Issn = {1052-8725},
	Journal = {Real-Time Systems},
	Keywords = {integer programming;linear programming;multiprocessing systems;AUTOSAR;FIFO blocking analysis;FIFO-ordered spin locks;FIFO-ordered tie-breaking;embedded multiprocessor realtime systems;first-in first-out;mixed-integer linear programming;nonpreempt able spinning;preempt able spinning;preemption models;priority-ordered spin locks;queue orders;spin locks;unordered spin locks;unordered tie-breaking;worst-case blocking;Algorithm design and analysis;Delays;Processor scheduling;Program processors;Protocols;Real-time systems;Spinning;AUTOSAR;integer linear programming;multiprocessor real-time systems;spin locks;worst-case blocking},
	Number = {1},
	Pages = {1-40},
	Title = {Improved priority assignment for global fixed priority pre-emptive scheduling in multiprocessor real-time systems},
	Volume = {47},
	Year = {2011},
	Bdsk-Url-1 = {http://dx.doi.org/10.1109/RTSS.2013.13}}

@misc{schedcat,
	Date-Modified = {2015-08-05 16:06:11 +0000},
	Howpublished = {\url{http://www.mpi-sws.org/~bbb/projects/schedcat}},
	Key = {SchedCAT},
	Title = {{SchedCAT}: Schedulability test collection and toolkit}}

@misc{glpk,
	Date-Modified = {2015-08-05 16:05:42 +0000},
	Howpublished = {\url{https://www.gnu.org/software/glpk/}},
	Key = {GNU},
	Title = {{GNU} Linear Programming Kit}}

@misc{personal-com,
	Author = {Macariu, G},
	Howpublished = {personal communication, April, 2015}}

@techreport{online-appendix,
	Author = {Yang, M. and Wieder, A. and Brandenburg, B.},
	Date-Modified = {2015-08-05 09:56:09 +0000},
	Howpublished = {available at \url{https://www.mpi-sws.org/~bbb/papers}},
	Institution = {MPI-SWS},
	Number = {MPI-SWS-2015-003},
	Title = {Global Real-Time Semaphore Protocols: A Survey, Unified Analysis, and Comparison (extended version)},
	Year = {2015}}

@inproceedings{baruah-2007,
	Author = {Baruah, S.},
	Booktitle = {RTSS},
	Doi = {10.1109/RTSS.2007.35},
	Issn = {1052-8725},
	Keywords = {multiprocessing systems;processor scheduling;interprocessor migration;multiprocessor global schedulability analysis;sporadic task systems;Clustering algorithms;Delta modulation;Partitioning algorithms;Performance evaluation;Polynomials;Processor scheduling;Real time systems;Resumes;Scheduling algorithm;System testing},
	Title = {Techniques for Multiprocessor Global Schedulability Analysis},
	Year = {2007},
	Bdsk-Url-1 = {http://dx.doi.org/10.1109/RTSS.2007.35}}

@inproceedings{cong-2013,
	Author = {Cong Liu and Anderson, J.H.},
	Booktitle = {ECRTS},
	Doi = {10.1109/ECRTS.2013.36},
	Keywords = {processor scheduling;real-time systems;global EDF scheduling;global fixed-priority;hard real-time multiprocessor scheduling;suspension delays;suspension-aware analysis;task systems;Delays;Interference;Program processors;Real-time systems;Suspensions;Time factors;Upper bound;hard real-time scheduling;schedulability analysis;self-suspension},
	Title = {Suspension-Aware Analysis for Hard Real-Time Multiprocessor Scheduling},
	Year = {2013},
	Bdsk-Url-1 = {http://dx.doi.org/10.1109/ECRTS.2013.36}}

@inproceedings{cong-2012,
	Author = {Cong Liu and Anderson, J.H.},
	Booktitle = {RTSS},
	Doi = {10.1109/RTSS.2012.87},
	Issn = {1052-8725},
	Keywords = {embedded systems;multiprocessing systems;processor scheduling;program diagnostics;O(m) analysis technique;O(m) suspension-related utilization loss;bounded deadline tardiness;embedded system;external device interaction;global EDF;global scheduler;multiprocessor;real-time system;schedulability test;shared resource access;soft real-time sporadic self-suspending task system analysis;suspension delay;uniprocessor;Delay;Program processors;Real-time systems;Resource management;Schedules;Suspensions;Switches;Self-suspensions;multiprocessor;schedulability analysis},
	Title = {An O(m) Analysis Technique for Supporting Real-Time Self-Suspending Task Systems},
	Year = {2012},
	Bdsk-Url-1 = {http://dx.doi.org/10.1109/RTSS.2012.87}}

@article{schliecker-2009,
	Author = {Schliecker, S. and Negrean, M. and Ernst, R.},
	Doi = {10.1109/TII.2009.2032068},
	Issn = {1551-3203},
	Journal = {IEEE Transactions on Industrial Informatics},
	Keywords = {parallel architectures;performance evaluation;processor scheduling;automotive real-time environment;body electronics;event-driven task activation scheme;multicore ECU;multiprocessor systems;networked system microcosm;resource arbitration protocols;response time analysis;scheduling;sensor fusion;synchronization analysis;Multicore;multiprocessor priority ceiling protocol (MPCP);performance analysis;real-time;shared resources},
	Number = {4},
	Pages = {402-413},
	Title = {Response Time Analysis on Multicore {ECUs} With Shared Resources},
	Volume = {5},
	Year = {2009},
	Bdsk-Url-1 = {http://dx.doi.org/10.1109/TII.2009.2032068}}

@article{yang-2014,
	Author = {Yang, M and Lei, H. and Liao, Y. and Rabee, F.},
	Doi = {10.1007/s11390-014-1485-y},
	Issn = {1551-3203},
	Journal = {Jounal of Computer Science and Technology},
	Keywords = {Multicore;multiprocessor priority ceiling protocol (MPCP);performance analysis;real-time;shared resources},
	Number = {6},
	Pages = {1003-1013},
	Title = {Improved blocking timg analysis and evaluation for the multiprocessor priority ceiling protocol},
	Volume = {29},
	Year = {2014},
	Bdsk-Url-1 = {http://dx.doi.org/10.1007/s11390-014-1485-y}}

@inproceedings{wieder-2013,
	Author = {Wieder, A. and Brandenburg, B.B.},
	Booktitle = {RTSS},
	Doi = {10.1109/RTSS.2013.13},
	Issn = {1052-8725},
	Keywords = {integer programming;linear programming;multiprocessing systems;AUTOSAR;FIFO blocking analysis;FIFO-ordered spin locks;FIFO-ordered tie-breaking;embedded multiprocessor realtime systems;first-in first-out;mixed-integer linear programming;nonpreempt able spinning;preempt able spinning;preemption models;priority-ordered spin locks;queue orders;spin locks;unordered spin locks;unordered tie-breaking;worst-case blocking;Algorithm design and analysis;Delays;Processor scheduling;Program processors;Protocols;Real-time systems;Spinning;AUTOSAR;integer linear programming;multiprocessor real-time systems;spin locks;worst-case blocking},
	Title = {On Spin Locks in {AUTOSAR}: blocking Analysis of {FIFO}, Unordered, and Priority-Ordered Spin Locks},
	Year = {2013},
	Bdsk-Url-1 = {http://dx.doi.org/10.1109/RTSS.2013.13}}

@inproceedings{wieder-2014,
	Author = {Wieder, A. and Brandenburg, B.},
	Booktitle = {RTSS},
	Title = {On the complexity of worst-case blocking analysis of nested critical sections},
	Year = {2014}}

@inproceedings{lakshmanan-2009,
	Author = {Lakshmanan, K. and De Niz, D. and Rajkumar, R.},
	Booktitle = {RTSS},
	Doi = {10.1109/RTSS.2009.51},
	Issn = {1052-8725},
	Keywords = {microprocessor chips;multiprocessing systems;scheduling;synchronisation;chip-multiprocessors;coordinated task scheduling;execution control policy;multiprocessor task synchronization;synchronization-aware task allocation;Delay;Design engineering;Dynamic scheduling;Jitter;Job shop scheduling;Processor scheduling;Real time systems;Resource management;Scheduling algorithm;Synchronization;Multi-core Processors;Real-Time;Scheduling;Synchronization;Task Allocation},
	Title = {Coordinated Task Scheduling, Allocation and Synchronization on Multiprocessors},
	Year = {2009},
	Bdsk-Url-1 = {http://dx.doi.org/10.1109/RTSS.2009.51}}

@inproceedings{bbb-2013b,
	Author = {Brandenburg, B.B.},
	Booktitle = {ECRTS},
	Doi = {10.1109/ECRTS.2013.38},
	Keywords = {multiprocessing systems;processor scheduling;protocols;LITMUS;OMIP;asymptotic optimal binary sempahore protocol;clustered job-level fixed-priority scheduling;fully preemptive multiprocessor semaphore protocol;independence preservation;independence-preserving locking protocol;latency-sensitive real-time applications;latency-sensitive tasks;migratory priority inheritance;priority inheritance protocol;real-time locking protocol;real-time locking protocols;response-time measurements;suspension-based locking protocol;Boosting;Delays;Job shop scheduling;Processor scheduling;Protocols;Real-time systems;Spinning;blocking optimality;locking;low-latency locking;multiprocessor;priority inversion;real-time system;suspension-oblivious schedulability analysis;synchronization},
	Title = {A Fully Preemptive Multiprocessor Semaphore Protocol for Latency-Sensitive Real-Time Applications},
	Year = {2013},
	Bdsk-Url-1 = {http://dx.doi.org/10.1109/ECRTS.2013.38}}

@inproceedings{macariu-2011,
	Author = {Macariu, G. and Cretu, V.},
	Booktitle = {ECRTS},
	Doi = {10.1109/ECRTS.2011.32},
	Issn = {1068-3070},
	Keywords = {multiprocessing systems;protocols;resource allocation;global fixed-priority preemptive multiprocessor scheduling;global multiprocessor scheduling;limited blocking resource sharing;priority ceiling protocol;resource sharing policy;resource sharing protocols;response-time based schedulability analysis;sporadic constrained-deadline tasks;Interference;Processor scheduling;Program processors;Protocols;Radiation detectors;Real time systems;Resource management;fixed-priority scheduling;multiprocessor platforms;real-time scheduling;resource sharing protocols},
	Title = {Limited Blocking Resource Sharing for Global Multiprocessor Scheduling},
	Year = {2011},
	Bdsk-Url-1 = {http://dx.doi.org/10.1109/ECRTS.2011.32}}

@inproceedings{elliott-2011,
	Author = {Elliott, G.A. and Anderson, J.H.},
	Booktitle = {RTNS},
	Doi = {10.1109/RTCSA.2012.26},
	Issn = {1533-2306},
	Keywords = {processor scheduling;protocols;IO devices;R2DGLP;globally-scheduled systems;multiprocessor real-time system;priority inheritance;priority-inversion blocking;real-time locking protocols;real-time progress mechanism;replica-request donation global locking protocol;replica-request priority donation;resource-holding jobs;schedulability perspective;suspension-based locking protocol;Graphics processing unit;Processor scheduling;Protocols;Real time systems;Schedules;Suspensions;k-exclusion;locking;multiprocessor;optimality;real-time;synchronization},
	Title = {An optimal k-exclusion real-time locking protocol motivated by multi-GPU systems},
	Year = {2011},
	Bdsk-Url-1 = {http://dx.doi.org/10.1109/RTCSA.2012.26}}

@inproceedings{ward-2012,
	Author = {Ward, B.C. and Elliott, G.A. and Anderson, J.H.},
	Booktitle = {RTCSA},
	Doi = {10.1109/RTCSA.2012.26},
	Issn = {1533-2306},
	Keywords = {processor scheduling;protocols;IO devices;R2DGLP;globally-scheduled systems;multiprocessor real-time system;priority inheritance;priority-inversion blocking;real-time locking protocols;real-time progress mechanism;replica-request donation global locking protocol;replica-request priority donation;resource-holding jobs;schedulability perspective;suspension-based locking protocol;Graphics processing unit;Processor scheduling;Protocols;Real time systems;Schedules;Suspensions;k-exclusion;locking;multiprocessor;optimality;real-time;synchronization},
	Title = {Replica-Request Priority Donation: A Real-Time Progress Mechanism for Global Locking Protocols},
	Year = {2012},
	Bdsk-Url-1 = {http://dx.doi.org/10.1109/RTCSA.2012.26}}

@INPROCEEDINGS{ward-2012b, 
author={Ward, B.C. and Anderson, J.H.}, 
booktitle={ECRTS}, 
title={Supporting nested locking in multiprocessor real-time systems}, 
year={2012}, 
keywords={concurrency control;microprocessor chips;multiprocessing systems;protocols;real-time systems;RNLP;coarse-grained real-time reader-writer locking protocols;fine-grained locking protocol;implementation-related overheads;multiresource real-time reader-writer locks;mutex constraints;real-time multiprocessor systems;real-time nested locking protocol;schedulability;worst-case blocking;Concurrent computing;Parallel processing;Program processors;Protocols;Real-time systems;Synchronization;priority inversion;reader-writer exclusion;real-time;real-time synchronization},}

@INPROCEEDINGS{ward-2013, 
author={Ward, B.C. and Anderson, J.H.}, 
booktitle={RTNS}, 
title={Fine-grained multiprocessor real-time locking with improved blocking}, 
year={2013}, 
keywords={concurrency control;microprocessor chips;multiprocessing systems;protocols;real-time systems;RNLP;coarse-grained real-time reader-writer locking protocols;fine-grained locking protocol;implementation-related overheads;multiresource real-time reader-writer locks;mutex constraints;real-time multiprocessor systems;real-time nested locking protocol;schedulability;worst-case blocking;Concurrent computing;Parallel processing;Program processors;Protocols;Real-time systems;Synchronization;priority inversion;reader-writer exclusion;real-time;real-time synchronization},}

@inproceedings{elliott-2012,
	Author = {Elliott, G.A. and Anderson, J.H.},
	Booktitle = {ECRTS},
	Doi = {10.1109/ECRTS.2012.20},
	Issn = {1068-3070},
	Keywords = {device drivers;graphics processing units;interrupts;multiprocessing systems;real-time systems;GPU drivers;GPU-driven interrupts;I/O devices;LITMUSRT;computationally intensive real-time workloads;graphics processing units;klmirqd;multicore chips;real-time systems;robust real-time multiprocessor interrupt handling;Graphics processing unit;Instruction sets;Kernel;Linux;Protocols;Real time systems;Vehicles;GPGPU;interrupt handling;real time systems;schedulability},
	Title = {Robust Real-Time Multiprocessor Interrupt Handling Motivated by GPUs},
	Year = {2012},
	Bdsk-Url-1 = {http://dx.doi.org/10.1109/ECRTS.2012.20}}

@inproceedings{baker-1990,
	Author = {Baker, T.P.},
	Booktitle = {RTSS},
	Doi = {10.1109/REAL.1990.128747},
	Keywords = {protocols;resource allocation;scheduling;binary semaphores;earliest deadline first;multiunit resources;priority ceiling protocol;priority inversion;realtime processes;schedulability tests;stack-based resource allocation policy;static priority policies;Computer science;Dynamic scheduling;Predictive models;Processor scheduling;Protocols;Resource management;Runtime;Switches;Testing;Timing},
	Title = {A stack-based resource allocation policy for realtime processes},
	Year = {1990},
	Bdsk-Url-1 = {http://dx.doi.org/10.1109/REAL.1990.128747}}

@inproceedings{rajkumar-1990,
	Author = {Rajkumar, R.},
	Booktitle = {ICDCS},
	Doi = {10.1109/REAL.2001.990598},
	Keywords = {multiprocessing systems;real-time systems;resource allocation;scheduling;ERIKA kernel;kernel mechanisms;multiprocessor systems;real-time software;schedulability;scheduling algorithm;shared memory;simulated annealing-based tool;task allocation;Application software;Microcontrollers;Multiprocessing systems;Random access memory;Read-write memory;Real time systems;Scheduling algorithm;Simulated annealing;Software algorithms;Software systems},
	Title = {Real-time synchronization protocols for shared memory multiprocessors},
	Year = {1990},
	Bdsk-Url-1 = {http://dx.doi.org/10.1109/REAL.2001.990598}}

@inproceedings{Cerqueira-2014,
	Author = {Cerqueira, F. and Gujarati, A. and Brandenburg, B.B.},
	Booktitle = {RTSS},
	Doi = {10.1109/REAL.2001.990598},
	Keywords = {multiprocessing systems;real-time systems;resource allocation;scheduling;ERIKA kernel;kernel mechanisms;multiprocessor systems;real-time software;schedulability;scheduling algorithm;shared memory;simulated annealing-based tool;task allocation;Application software;Microcontrollers;Multiprocessing systems;Random access memory;Read-write memory;Real time systems;Scheduling algorithm;Simulated annealing;Software algorithms;Software systems},
	Title = {Linux's processor affinity {API}, refined: shifting real-time tasks towards higher schedulability},
	Year = {2014},
	Bdsk-Url-1 = {http://dx.doi.org/10.1109/REAL.2001.990598}}

@inproceedings{Baruah-2013,
	Author = {Baruah, S. and Brandenburg, B.B.},
	Booktitle = {RTSS},
	Doi = {10.1109/REAL.2001.990598},
	Keywords = {multiprocessing systems;real-time systems;resource allocation;scheduling;ERIKA kernel;kernel mechanisms;multiprocessor systems;real-time software;schedulability;scheduling algorithm;shared memory;simulated annealing-based tool;task allocation;Application software;Microcontrollers;Multiprocessing systems;Random access memory;Read-write memory;Real time systems;Scheduling algorithm;Simulated annealing;Software algorithms;Software systems},
	Title = {Multiprocessor feasibility analysis of recurrent task systems with specified processor affinities},
	Year = {2013},
	Bdsk-Url-1 = {http://dx.doi.org/10.1109/REAL.2001.990598}}

@inproceedings{gai-2001,
	Author = {Gai, P. and Lipari, G. and Di Natale, M.},
	Booktitle = {RTSS},
	Doi = {10.1109/REAL.2001.990598},
	Keywords = {multiprocessing systems;real-time systems;resource allocation;scheduling;ERIKA kernel;kernel mechanisms;multiprocessor systems;real-time software;schedulability;scheduling algorithm;shared memory;simulated annealing-based tool;task allocation;Application software;Microcontrollers;Multiprocessing systems;Random access memory;Read-write memory;Real time systems;Scheduling algorithm;Simulated annealing;Software algorithms;Software systems},
	Title = {Minimizing memory utilization of real-time task sets in single and multi-processor systems-on-a-chip},
	Year = {2001},
	Bdsk-Url-1 = {http://dx.doi.org/10.1109/REAL.2001.990598}}

@article{lui-1990,
	Author = {Lui Sha and Rajkumar, R. and Lehoczky, J.P.},
	Doi = {10.1109/12.57058},
	Issn = {0018-9340},
	Journal = {IEEE Transactions on Computers},
	Keywords = {operating systems (computers);protocols;real-time systems;basic priority inheritance protocol;deadlocks;periodic tasks;priority ceiling protocol;priority inheritance protocols;real-time synchronization;uncontrolled priority inversion;worst-case task-blocking time;Algorithm design and analysis;Dynamic scheduling;Helium;Oceans;Processor scheduling;Protocols;Real time systems;Runtime;Scheduling algorithm;System recovery},
	Number = {9},
	Pages = {1175-1185},
	Title = {Priority inheritance protocols: an approach to real-time synchronization},
	Volume = {39},
	Year = {1990},
	Bdsk-Url-1 = {http://dx.doi.org/10.1109/12.57058}}

@inproceedings{bertogna-2007,
	Author = {Bertogna, M. and Cirinei, M.},
	Booktitle = {RTSS},
	Doi = {10.1109/RTSS.2007.31},
	Issn = {1052-8725},
	Keywords = {multiprocessing systems;parallel processing;processor scheduling;global scheduling algorithm;parallel computing;response-time analysis;symmetric multiprocessor platform;Costs;Embedded computing;Embedded system;Hardware;Parallel processing;Physics computing;Processor scheduling;Real time systems;Scheduling algorithm;Testing},
	Title = {Response-Time Analysis for Globally Scheduled Symmetric Multiprocessor Platforms},
	Year = {2007},
	Bdsk-Url-1 = {http://dx.doi.org/10.1109/RTSS.2007.31}}

@inproceedings{guan-2009,
	Author = {Nan Guan and Stigge, M. and Wang Yi and Ge Yu},
	Booktitle = {RTSS},
	Doi = {10.1109/RTSS.2009.11},
	Issn = {1052-8725},
	Keywords = {processor scheduling;Baruah window analysis;fixed priority multiprocessor scheduling;poradic tasks;response time analysis;response time bounds;schedulability analysis;Computer science;Delay;Information analysis;Information technology;Multicore processing;Multiprocessing systems;Performance analysis;Processor scheduling;Real time systems;Upper bound;fixed priority scheduling;multiprocessor;real-time scheduling;response time analysis},
	Title = {New Response Time Bounds for Fixed Priority Multiprocessor Scheduling},
	Year = {2009},
	Bdsk-Url-1 = {http://dx.doi.org/10.1109/RTSS.2009.11}}

@inproceedings{bbb-2010,
	Author = {Brandenburg, B.B. and Anderson, J.H.},
	Booktitle = {RTSS},
	Doi = {10.1109/RTSS.2010.17},
	Issn = {1052-8725},
	Keywords = {multiprocessing systems;processor scheduling;real-time systems;blocking times;multiprocessor real-time locking protocol;optimal blocking behavior;partitioned scheduling algorithm;schedulability analysis;suspension-based multiprocessor locking protocols;uniprocessor real-time systems;locking;multiprocessor;optimality;real-time;synchronization},
	Title = {Optimality Results for Multiprocessor Real-Time Locking},
	Year = {2010},
	Bdsk-Url-1 = {http://dx.doi.org/10.1109/RTSS.2010.17}}

@inproceedings{bbb-2013,
	Author = {Brandenburg, B.B.},
	Booktitle = {RTAS},
	Doi = {10.1109/RTAS.2013.6531087},
	Issn = {1080-1812},
	Keywords = {linear programming;multiprocessing systems;processor scheduling;queueing theory;DFLP;DPCP;FMLP+;LITMUS;MPCP;P-FP scheduling;blocking analysis technique;linear-programming;partitioned fixed-priority scheduling;priority queuing;real-time locking protocol;real-time semaphore protocol;suspension-based multiprocessor},
	Title = {Improved analysis and evaluation of real-time semaphore protocols for {P-FP} scheduling},
	Year = {2013},
	Bdsk-Url-1 = {http://dx.doi.org/10.1109/RTAS.2013.6531087}}

@inproceedings{easwaran-2009,
	Author = {Easwaran, A. and Andersson, B.},
	Booktitle = {RTSS},
	Doi = {10.1109/RTSS.2009.37},
	Issn = {1052-8725},
	Keywords = {inheritance;processor scheduling;constrained deadline sporadic tasks;global fixed priority preemptive multiprocessor scheduling;priority inheritance protocol;reasonable priority assignments;resource sharing;schedulability test;Access protocols;Application software;Delta modulation;Embedded computing;Multicore processing;Parallel processing;Processor scheduling;Real time systems;Resource management;System testing;Multiprocessor scheduling;data sharing;priority inheritance;resource sharing},
	Title = {Resource Sharing in Global Fixed-Priority Preemptive Multiprocessor Scheduling},
	Year = {2009},
	Bdsk-Url-1 = {http://dx.doi.org/10.1109/RTSS.2009.37}}

@inproceedings{block-2007,
	Author = {Block, A. and Leontyev, H. and Brandenburg, B.B. and Anderson, J.H.},
	Booktitle = {RTCSA},
	Doi = {10.1109/RTCSA.2007.8},
	Issn = {1533-2306},
	Keywords = {multiprocessing systems;processor scheduling;real-time systems;flexible multiprocessor locking scheme;flexible real-time locking protocol;global scheduling algorithm;multiprocessor system;non-nested access;real-time scheduling algorithm;semaphore scheme;semaphore-based locking;unrestricted critical-section nesting;Computer science;Job shop scheduling;Manufacturing;Multicore processing;Multiprocessing systems;Partitioning algorithms;Processor scheduling;Protocols;Real time systems;Scheduling algorithm},
	Title = {A Flexible Real-Time Locking Protocol for Multiprocessors},
	Year = {2007},
	Bdsk-Url-1 = {http://dx.doi.org/10.1109/RTCSA.2007.8}}

@inproceedings{bbb-2014,
	Author = {Brandenburg, B.B.},
	Booktitle = {ECRTS},
	Date-Modified = {2015-08-05 10:00:00 +0000},
	Doi = {10.1109/ECRTS.2014.26},
	Keywords = {processor scheduling;real-time systems;FMLP+;JLFP scheduling;asymptotically optimal real-time locking protocol;clustered job-level fixed priority scheduling;global job-level fixed priority scheduling;higher-priority job;low-priority job;multiprocessor real-time locking protocols;nonlock-holding job;partitioned job-level fixed priority scheduling;repeated priority inversions;semaphore protocol;suspension-aware analysis;suspension-aware schedulability analysis;suspension-oblivious schedulability analysis;Boosting;Program processors;Protocols;Real-time systems;Schedules;Scheduling;Suspensions},
	Title = {The {FMLP$^+$}: An Asymptotically Optimal Real-Time Locking Protocol for Suspension-Aware Analysis},
	Year = {2014},
	Bdsk-Url-1 = {http://dx.doi.org/10.1109/ECRTS.2014.26}}

@phdthesis{bbb-2011,
	Author = {Brandenburg, B.B.},
	Date-Modified = {2015-08-05 09:59:24 +0000},
	School = {The University of North Carolina at Chapel Hill},
	Title = {Scheduling and Locking in Multiprocessor Real-Time Operating Systems},
	Year = {2011}}

@inproceedings{bertogna-2005,
	Author = {Bertogna, M. Cirinei, M. and Lipari, G},
	Booktitle = {ECRTS},
	Keywords = {multiprocessor},
	Title = {Improved schedulability analysis of EDF on multiprocessor platforms},
	Year = {2005}}

@inproceedings{RSL:88,
	Author = {R. Rajkumar and L. Sha and J. Lehoczky},
	Booktitle = {RTSS},
	Title = {Real-time synchronization protocols for multiprocessors},
	Year = {1988}}

@inproceedings{DLA:06,
	Author = {U. Devi and H. Leontyev and J. Anderson},
	Booktitle = {ECRTS},
	Title = {Efficient Synchronization under Global {EDF} Scheduling on Multiprocessors},
	Year = {2006}}

@inproceedings{NBN:11,
	Author = {Nemati, F. and Behnam, M. and Nolte, T.},
	Booktitle = {ECRTS},
	Title = {Independently-Developed Real-Time Systems on Multi-Cores with Shared Resources},
	Year = {2011}}

@inproceedings{afshar-2012,
	Author = {Afshar, Sara and Nemati, Farhang and Nolte, Thomas},
	Booktitle = {RTCSA},
	Title = {Resource sharing under multiprocessor semi-partitioned scheduling},
	Year = {2012}}

@inproceedings{FLC:10,
	Author = {Faggioli, D. and Lipari, G. and Cucinotta, T.},
	Booktitle = {ECRTS},
	Title = {The Multiprocessor Bandwidth Inheritance Protocol},
	Year = {2010}}

@inproceedings{andersson-2001,
	Author = {Andersson, B. and Baruah, S. and Jonsson, J.},
	Booktitle = {ETSS},
	Title = {Static-priority scheduling on multiprocessors},
	Year = {2001}}
	
@article{leung-1982,
	Author = {Leung, J.Y.T. and Whitehead, J.},
	Journal = {Performance Evaluations},
	Number = {4},
	Pages = {237-250},
	Title = {On the complexity of fixed-priority scheduling of periodic, real-time tasks},
	Volume = {2},
	Year = {1982}}
	
@article{lundberg-2007,
	Author = {Lundberg, L. and Lennerstad, H.},
	Journal = {Journal of Real-Time Systems},
	Number = {2},
	Pages = {135-151},
	Title = {Guaranteeing response times for aperiodic tasks in global multiprocessor scheduling},
	Volume = {35},
	Year = {2007}}
	
	
@inproceedings{kim-2014,
	Author = {Kim, H. and Wang, S. and Rajkumar, R.},
	Booktitle = {RTSS},
	Title = {{vMPCP}: a synchronization framework for multi-core virtual machines},
	Year = {2014}}	
	

@inproceedings{carminati-2011,
	Author = {Carminati, A. and de Oliveira, R.S},
	Booktitle = {SBESC},
	Title = {A proposal of change to the multiprocessor priority ceiling protocol},
	Year = {2011}}	
	
	
@inproceedings{zeng-2011,
	Author = {Zeng, H. and Natale, M.D},
	Booktitle = {SIES},
	Title = {Mechanisms for guaranteeing data consistency and flow preservation in
{AUTOSAR} software on multi-core platforms},
	Year = {2011}}	
	
	
@inproceedings{rabee-2013,
	Author = {Rabee, F. and Liao, Y. and Yang, M.},
	Booktitle = {DASC},
	Title = {Minimizing multiple-priority inversion protocol in hard real-time system},
	Year = {2013}}	


@inproceedings{yang-2013,
	Author = {Yang, M. and Lei, H. and Liao, Y. and Rabee, F.},
	Booktitle = {DASC},
	Title = {{PK-OMLP}: An {OMLP} based k-exclusion real-time locking protocol for multi-
{GPU} sharing under partitioned scheduling},
	Year = {2013}}	
	

@article{carminati-2014,
	Author = {Carminati, A. and de Oliveira, R.S. and Friedrich, L.F.},
	Journal = {Journal of Systems Architecture},
	Number = {3},
	Pages = {258-270},
	Title = {Exploring the design space of multiprocessor synchronization protocols
for real-time systems},
	Volume = {60},
	Year = {2014}}
	
	
@article{han-2014,
	Author = {Han, G. and Zeng, H. and Natale, M.D. and Liu, X. and Dou, W.},
	Journal = {IEEE Transactions on Industrial Informatics},
	Number = {2},
	Pages = {903-918},
	Title = {Experimental evaluation and selection of data consistency mechanisms for hard real-time applications on multicore platforms},
	Volume = {10},
	Year = {2014}}	
	
	
@article{LL-1973,
	Author = {Liu, C.L. and Layland, J.W.},
	Journal = {Journal of ACM},
	Number = {1},
	Pages = {46-61},
	Title = {Scheduling algorithms for multiprogramming in a hard real-time environment},
	Volume = {20},
	Year = {1973}}	
	
	
@article{audsley-1993,
	Author = {Audsley, N. and Burns, A. and Richardson, M. and Tindell, K. and Wellings, A.J.},
	Journal = {Software Engineering Journal},
	Number = {5},
	Pages = {284-292},
	Title = {Applying new scheduling theory to static priority pre-emptive scheduling},
	Volume = {8},
	Year = {1993}}	
	
	
@article{yang-2015,
	Author = {Yang, M. and Wieder, A. and Brandenburg, B.},
	Journal = {to appear in 2015 RTSS},
	Title = {Global Real-Time Semaphore Protocols: A Survey, Unified Analysis, and Comparison},
	Year = {2015}}	